<record><leader>00000cas a22000007a 4500</leader><controlfield tag="001">10489030</controlfield><controlfield tag="008">840306d18231832njuwr ne      0    0eng d</controlfield><controlfield tag="009">3781</controlfield><datafield ind1=" " ind2=" " tag="010"><subfield code="a">sn 84026475 </subfield></datafield><datafield ind1=" " ind2=" " tag="040"><subfield code="a">NPU</subfield><subfield code="b">eng</subfield><subfield code="c">NPU</subfield><subfield code="d">DLC</subfield><subfield code="d">NPX</subfield><subfield code="d">NPA</subfield><subfield code="d">NJW</subfield><subfield code="d">CNK</subfield><subfield code="d">DLC</subfield><subfield code="d">OCLCQ</subfield></datafield><datafield ind1="1" ind2=" " tag="029"><subfield code="a">AU@</subfield><subfield code="b">000026223204</subfield></datafield><datafield ind1=" " ind2=" " tag="042"><subfield code="a">msc</subfield></datafield><datafield ind1="0" ind2="0" tag="050"><subfield code="a">Newspaper</subfield></datafield><datafield ind1="0" ind2="0" tag="245"><subfield code="a">Sentinel of freedom, and New-Jersey advertiser.</subfield></datafield><datafield ind1="3" ind2="0" tag="246"><subfield code="a">Newark sentinel</subfield></datafield><datafield ind1=" " ind2=" " tag="260"><subfield code="a">Newark, N.J. :</subfield><subfield code="b">[William Tuttle],</subfield><subfield code="c">1823-1832.</subfield></datafield><datafield ind1=" " ind2=" " tag="300"><subfield code="a">9 v. ;</subfield><subfield code="c">54 cm.</subfield></datafield><datafield ind1=" " ind2=" " tag="310"><subfield code="a">Weekly</subfield></datafield><datafield ind1="0" ind2=" " tag="362"><subfield code="a">Vol. 28, no. 1 (Sept. 9, 1823)-v. 36, no. 52 (Sept. 11, 1832).</subfield></datafield><datafield ind1=" " ind2=" " tag="500"><subfield code="a">Publishers: William Tuttle, 1823; William Tuttle &amp; Co., 1823-&lt;1830&gt;.</subfield></datafield><datafield ind1=" " ind2=" " tag="580"><subfield code="a">Daily ed.: Newark daily advertiser (Newark, N.J. : 1832).</subfield></datafield><datafield ind1=" " ind2=" " tag="752"><subfield code="a">United States</subfield><subfield code="b">New Jersey</subfield><subfield code="c">Essex</subfield><subfield code="d">Newark.</subfield></datafield><datafield ind1="1" ind2=" " tag="775"><subfield code="t">Newark daily advertiser (Newark, N.J. : 1832)</subfield><subfield code="w">(DLC)sn 84025704</subfield><subfield code="w">(OCoLC)10302968</subfield></datafield><datafield ind1="0" ind2="0" tag="780"><subfield code="t">Centinel of freedom (Newark, N.J.)</subfield><subfield code="w">(DLC)sn 83025467</subfield><subfield code="w">(OCoLC)2259075</subfield></datafield><datafield ind1="0" ind2="0" tag="785"><subfield code="t">Sentinel of freedom</subfield><subfield code="w">(DLC)sn 84026532</subfield><subfield code="w">(OCoLC)10479372</subfield></datafield></record>